@book{test,
author={John Smith},
title={A book},
publisher={Puplisher},
year={1742},
}
